<record><leader>00000cas a22000007a 4500</leader><controlfield tag="001">10710336</controlfield><controlfield tag="008">840509d19201938nyuwr ne      0    0eng d</controlfield><datafield ind1=" " ind2=" " tag="010"><subfield code="a">sn 84031215 </subfield></datafield><datafield ind1=" " ind2=" " tag="040"><subfield code="a">NYG</subfield><subfield code="b">eng</subfield><subfield code="c">NYG</subfield><subfield code="d">NPX</subfield><subfield code="d">NYS</subfield><subfield code="d">OCLCQ</subfield></datafield><datafield ind1=" " ind2=" " tag="042"><subfield code="a">msc</subfield></datafield><datafield ind1="0" ind2="0" tag="245"><subfield code="a">Steuben farmers' advocate and Prattsburg news.</subfield></datafield><datafield ind1="3" ind2="0" tag="246"><subfield code="a">Steuben farmers' advocate and the Prattsburg news</subfield></datafield><datafield ind1="1" ind2="3" tag="246"><subfield code="a">Prattsburg news</subfield></datafield><datafield ind1="1" ind2="3" tag="246"><subfield code="a">Steuben advocate and Prattsburg news</subfield></datafield><datafield ind1=" " ind2=" " tag="260"><subfield code="a">Bath, N.Y. :</subfield><subfield code="b">Steuben Farmers Advocate,</subfield><subfield code="c">1920-1938.</subfield></datafield><datafield ind1=" " ind2=" " tag="300"><subfield code="a">19 v. :</subfield><subfield code="b">ill.</subfield></datafield><datafield ind1=" " ind2=" " tag="310"><subfield code="a">Weekly</subfield></datafield><datafield ind1="0" ind2=" " tag="362"><subfield code="a">Vol. 105, no. 50 (Dec. 15, 1920)-v. 123, no. 26 (July 1, 1938).</subfield></datafield><datafield ind1=" " ind2=" " tag="500"><subfield code="a">Includes a section called the Prattsburg news which has its own numbering.</subfield></datafield><datafield ind1=" " ind2=" " tag="500"><subfield code="a">Published as: Steuben farmers' advocate and the Prattsburg news, &lt;Oct. 21, 1925&gt;; &lt;Apr. 25, 1928&gt;; and &lt;Apr. 22-May 12, 1938&gt;.</subfield></datafield><datafield ind1=" " ind2=" " tag="500"><subfield code="a">Published daily, Sept. 17-21, 1935, "during the Fair."</subfield></datafield><datafield ind1=" " ind2=" " tag="530"><subfield code="a">Available on microfilm from Micro Photo Div., Bell &amp; Howell.</subfield></datafield><datafield ind1=" " ind2="4" tag="651"><subfield code="a">Bath (N.Y.)</subfield><subfield code="v">Newspapers.</subfield></datafield><datafield ind1=" " ind2=" " tag="752"><subfield code="a">United States</subfield><subfield code="b">New York</subfield><subfield code="c">Steuben</subfield><subfield code="d">Bath.</subfield></datafield><datafield ind1="0" ind2="4" tag="780"><subfield code="t">Steuben farmers' advocate</subfield><subfield code="w">(DLC)sn 83030967</subfield></datafield><datafield ind1="0" ind2="4" tag="780"><subfield code="t">Prattsburgh news (Prattsburg, N.Y. : 1872)</subfield><subfield code="w">(DLC)sn 83031770</subfield></datafield><datafield ind1="0" ind2="0" tag="785"><subfield code="t">Steuben advocate</subfield><subfield code="w">(DLC)sn 84031216</subfield></datafield><datafield ind1="1" ind2=" " tag="029"><subfield code="a">AU@</subfield><subfield code="b">000024687334</subfield></datafield></record>